%YAML 1.1
%TAG !u! tag:unity3d.com,2011:
--- !u!1 &6418430372285458538
GameObject:
  m_ObjectHideFlags: 0
  m_CorrespondingSourceObject: {fileID: 0}
  m_PrefabInstance: {fileID: 0}
  m_PrefabAsset: {fileID: 0}
  serializedVersion: 6
  m_Component:
  - component: {fileID: 6418430372285458537}
  - component: {fileID: 6418430372285458536}
  m_Layer: 0
  m_Name: 2D Light Source
  m_TagString: Untagged
  m_Icon: {fileID: 0}
  m_NavMeshLayer: 0
  m_StaticEditorFlags: 0
  m_IsActive: 1
--- !u!4 &6418430372285458537
Transform:
  m_ObjectHideFlags: 0
  m_CorrespondingSourceObject: {fileID: 0}
  m_PrefabInstance: {fileID: 0}
  m_PrefabAsset: {fileID: 0}
  m_GameObject: {fileID: 6418430372285458538}
  m_LocalRotation: {x: -0, y: -0, z: -0, w: 1}
  m_LocalPosition: {x: 0, y: 0, z: 0}
  m_LocalScale: {x: 1, y: 1, z: 1}
  m_Children: []
  m_Father: {fileID: 6418430372652909528}
  m_RootOrder: 0
  m_LocalEulerAnglesHint: {x: 0, y: 0, z: 0}
--- !u!114 &6418430372285458536
MonoBehaviour:
  m_ObjectHideFlags: 0
  m_CorrespondingSourceObject: {fileID: 0}
  m_PrefabInstance: {fileID: 0}
  m_PrefabAsset: {fileID: 0}
  m_GameObject: {fileID: 6418430372285458538}
  m_Enabled: 1
  m_EditorHideFlags: 0
  m_Script: {fileID: 11500000, guid: d2eae93e34ecaed4ca8e54e8d2a1b73b, type: 3}
  m_Name: 
  m_EditorClassIdentifier: 
  lightColor: {r: 0.5, g: 0.5, b: 0.5, a: 1}
  lightAlpha: 1
  lightSize: 1
  lightCoreSize: 0.5
  textureSize: 1
  enableCollisions: 1
  rotationEnabled: 0
  eventHandling: 0
  additive: 0
  additive_alpha: 0.25
  whenInsideCollider: 0
  disableWhenInvisible: 0
  lightSprite: 0
  sprite: {fileID: 21300000, guid: 6592d6be03fd808449716a11558d506f, type: 3}
  spriteFlipX: 0
  spriteFlipY: 0
  layerSetting:
  - layerID: 0
    type: 0
    renderingOrder: 0
    effect: 0
    maskEffectDistance: 1
  buffer: {fileID: 0}
  sortingOrder: 0
  sortingLayer: 
  lightignEventCache: []
  movement:
    update: 0
    updatePosition: {x: -1, y: -1, z: 0}
    updateColor: {r: 0.5, g: 0.5, b: 0.5, a: 1}
    updateRotation: 0
    updateSize: 1
    updateAlpha: 1
    move: 0
    movePosition: {x: 0, y: 0, z: 0}
    sprite: {fileID: 21300000, guid: 6592d6be03fd808449716a11558d506f, type: 3}
    spriteflipX: 0
    spriteflipY: 0
  occlusionSize: 15
--- !u!1 &6418430372652909532
GameObject:
  m_ObjectHideFlags: 0
  m_CorrespondingSourceObject: {fileID: 0}
  m_PrefabInstance: {fileID: 0}
  m_PrefabAsset: {fileID: 0}
  serializedVersion: 6
  m_Component:
  - component: {fileID: 6418430372652909528}
  - component: {fileID: 6418430372652909529}
  - component: {fileID: 6418430372652909530}
  - component: {fileID: 6418430372652909510}
  - component: {fileID: 6418430372652909511}
  - component: {fileID: -4683881269764097856}
  m_Layer: 0
  m_Name: TalkingNPC
  m_TagString: Untagged
  m_Icon: {fileID: 0}
  m_NavMeshLayer: 0
  m_StaticEditorFlags: 0
  m_IsActive: 1
--- !u!4 &6418430372652909528
Transform:
  m_ObjectHideFlags: 0
  m_CorrespondingSourceObject: {fileID: 0}
  m_PrefabInstance: {fileID: 0}
  m_PrefabAsset: {fileID: 0}
  m_GameObject: {fileID: 6418430372652909532}
  m_LocalRotation: {x: 0, y: 0, z: 0, w: 1}
  m_LocalPosition: {x: -1, y: -1, z: 0}
  m_LocalScale: {x: 2.6785715, y: 2.542373, z: 1}
  m_Children:
  - {fileID: 6418430372285458537}
  m_Father: {fileID: 0}
  m_RootOrder: 0
  m_LocalEulerAnglesHint: {x: 0, y: 0, z: 0}
--- !u!114 &6418430372652909529
MonoBehaviour:
  m_ObjectHideFlags: 0
  m_CorrespondingSourceObject: {fileID: 0}
  m_PrefabInstance: {fileID: 0}
  m_PrefabAsset: {fileID: 0}
  m_GameObject: {fileID: 6418430372652909532}
  m_Enabled: 1
  m_EditorHideFlags: 0
  m_Script: {fileID: 11500000, guid: 48c9076633654f00ac90ff940cb75f16, type: 3}
  m_Name: 
  m_EditorClassIdentifier: 
  maxSoundVolume: 1
  minSoundVolume: 0
  distanceFromCenterForMaxSound: 1
  audioClip: {fileID: 8300000, guid: d8f521fec8c73d74b94f4af59ac9a64e, type: 3}
  loopAudio: 0
  loopDelay: 0
--- !u!114 &6418430372652909530
MonoBehaviour:
  m_ObjectHideFlags: 0
  m_CorrespondingSourceObject: {fileID: 0}
  m_PrefabInstance: {fileID: 0}
  m_PrefabAsset: {fileID: 0}
  m_GameObject: {fileID: 6418430372652909532}
  m_Enabled: 1
  m_EditorHideFlags: 0
  m_Script: {fileID: 11500000, guid: 346d1d301c18441c9763bb4b2705cba0, type: 3}
  m_Name: 
  m_EditorClassIdentifier: 
--- !u!58 &6418430372652909510
CircleCollider2D:
  m_ObjectHideFlags: 0
  m_CorrespondingSourceObject: {fileID: 0}
  m_PrefabInstance: {fileID: 0}
  m_PrefabAsset: {fileID: 0}
  m_GameObject: {fileID: 6418430372652909532}
  m_Enabled: 1
  m_Density: 1
  m_Material: {fileID: 0}
  m_IsTrigger: 0
  m_UsedByEffector: 0
  m_UsedByComposite: 0
  m_Offset: {x: 0, y: 0}
  serializedVersion: 2
  m_Radius: 0.5
--- !u!50 &6418430372652909511
Rigidbody2D:
  serializedVersion: 4
  m_ObjectHideFlags: 0
  m_CorrespondingSourceObject: {fileID: 0}
  m_PrefabInstance: {fileID: 0}
  m_PrefabAsset: {fileID: 0}
  m_GameObject: {fileID: 6418430372652909532}
  m_BodyType: 1
  m_Simulated: 1
  m_UseFullKinematicContacts: 1
  m_UseAutoMass: 0
  m_Mass: 1
  m_LinearDrag: 0
  m_AngularDrag: 0.05
  m_GravityScale: 1
  m_Material: {fileID: 0}
  m_Interpolate: 0
  m_SleepingMode: 1
  m_CollisionDetection: 0
  m_Constraints: 0
--- !u!212 &-4683881269764097856
SpriteRenderer:
  m_ObjectHideFlags: 0
  m_CorrespondingSourceObject: {fileID: 0}
  m_PrefabInstance: {fileID: 0}
  m_PrefabAsset: {fileID: 0}
  m_GameObject: {fileID: 6418430372652909532}
  m_Enabled: 1
  m_CastShadows: 0
  m_ReceiveShadows: 0
  m_DynamicOccludee: 1
  m_MotionVectors: 1
  m_LightProbeUsage: 1
  m_ReflectionProbeUsage: 1
  m_RayTracingMode: 0
  m_RayTraceProcedural: 0
  m_RenderingLayerMask: 1
  m_RendererPriority: 0
  m_Materials:
  - {fileID: 10754, guid: 0000000000000000f000000000000000, type: 0}
  m_StaticBatchInfo:
    firstSubMesh: 0
    subMeshCount: 0
  m_StaticBatchRoot: {fileID: 0}
  m_ProbeAnchor: {fileID: 0}
  m_LightProbeVolumeOverride: {fileID: 0}
  m_ScaleInLightmap: 1
  m_ReceiveGI: 1
  m_PreserveUVs: 0
  m_IgnoreNormalsForChartDetection: 0
  m_ImportantGI: 0
  m_StitchLightmapSeams: 1
  m_SelectedEditorRenderState: 0
  m_MinimumChartSize: 4
  m_AutoUVMaxDistance: 0.5
  m_AutoUVMaxAngle: 89
  m_LightmapParameters: {fileID: 0}
  m_SortingLayerID: 0
  m_SortingLayer: 0
  m_SortingOrder: 0
  m_Sprite: {fileID: 21300000, guid: 19137b142d413a04e9a634b10f3f39ed, type: 3}
  m_Color: {r: 1, g: 1, b: 1, a: 1}
  m_FlipX: 0
  m_FlipY: 0
  m_DrawMode: 1
  m_Size: {x: 0.9, y: 0.9}
  m_AdaptiveModeThreshold: 0.5
  m_SpriteTileMode: 0
  m_WasSpriteAssigned: 1
  m_MaskInteraction: 0
  m_SpriteSortPoint: 0
